<record><leader>00000cas a22000007a 4500</leader><controlfield tag="001">29000610</controlfield><controlfield tag="008">931013d19061911okuwr ne      0    0eng d</controlfield><datafield ind1=" " ind2=" " tag="010"><subfield code="a">sn 93066135 </subfield></datafield><datafield ind1=" " ind2=" " tag="040"><subfield code="a">OBN</subfield><subfield code="b">eng</subfield><subfield code="c">OBN</subfield><subfield code="d">OCL</subfield><subfield code="d">OCLCQ</subfield><subfield code="d">AU@</subfield><subfield code="d">OCLCQ</subfield><subfield code="d">OCLCO</subfield><subfield code="d">OCLCF</subfield></datafield><datafield ind1=" " ind2=" " tag="019"><subfield code="a">225924419</subfield></datafield><datafield ind1="1" ind2=" " tag="029"><subfield code="a">AU@</subfield><subfield code="b">000022801698</subfield></datafield><datafield ind1=" " ind2=" " tag="042"><subfield code="a">msc</subfield></datafield><datafield ind1=" " ind2=" " tag="043"><subfield code="a">n-us-ok</subfield></datafield><datafield ind1="0" ind2="0" tag="245"><subfield code="a">Coalgate record.</subfield></datafield><datafield ind1=" " ind2=" " tag="260"><subfield code="a">Coalgate, I.T. [Okla.] :</subfield><subfield code="b">Bryce &amp; Bryce</subfield></datafield><datafield ind1=" " ind2=" " tag="300"><subfield code="a">v.</subfield></datafield><datafield ind1=" " ind2=" " tag="310"><subfield code="a">Weekly</subfield></datafield><datafield ind1="1" ind2=" " tag="362"><subfield code="a">Began in Jan. 1906; ceased in 1911.</subfield></datafield><datafield ind1=" " ind2=" " tag="588"><subfield code="a">Description based on: Vol. 13, no. 44 (Feb. 8, 1906).</subfield></datafield><datafield ind1=" " ind2="0" tag="651"><subfield code="a">Coalgate (Okla.)</subfield><subfield code="v">Newspapers.</subfield></datafield><datafield ind1=" " ind2="0" tag="651"><subfield code="a">Coal County (Okla.)</subfield><subfield code="v">Newspapers.</subfield></datafield><datafield ind1=" " ind2="0" tag="651"><subfield code="a">Indian Territory (Okla.)</subfield><subfield code="v">Newspapers.</subfield></datafield><datafield ind1=" " ind2="7" tag="655"><subfield code="a">Newspapers.</subfield><subfield code="2">fast</subfield><subfield code="0">(OCoLC)fst01423814</subfield></datafield><datafield ind1=" " ind2="7" tag="651"><subfield code="a">Oklahoma</subfield><subfield code="z">Coal County.</subfield><subfield code="2">fast</subfield><subfield code="0">(OCoLC)fst01223126</subfield></datafield><datafield ind1=" " ind2="7" tag="651"><subfield code="a">Oklahoma</subfield><subfield code="z">Coalgate.</subfield><subfield code="2">fast</subfield><subfield code="0">(OCoLC)fst01877883</subfield></datafield><datafield ind1=" " ind2="7" tag="651"><subfield code="a">Oklahoma</subfield><subfield code="z">Indian Territory.</subfield><subfield code="2">fast</subfield><subfield code="0">(OCoLC)fst01225150</subfield></datafield><datafield ind1=" " ind2=" " tag="752"><subfield code="a">United States</subfield><subfield code="b">Oklahoma</subfield><subfield code="c">Coal</subfield><subfield code="d">Coalgate.</subfield></datafield><datafield ind1="0" ind2="0" tag="780"><subfield code="t">Independent (Coalgate, Okla.)</subfield><subfield code="w">(DLC)sn 93066284</subfield><subfield code="w">(OCoLC)29551595</subfield></datafield><datafield ind1="0" ind2="7" tag="785"><subfield code="t">Coal County register</subfield><subfield code="w">(DLC)sn 93066134</subfield><subfield code="w">(OCoLC)29000442</subfield></datafield><datafield ind1="0" ind2="7" tag="785"><subfield code="t">Coalgate record-register</subfield><subfield code="w">(DLC)sn 86063921</subfield><subfield code="w">(OCoLC)13645882</subfield></datafield></record>